@manual{ap02,
  organization = {TU Dortmund, Fakultät Physik},
  title = {V400 - Reflexion, Beugung und Brechung},
  year = 2022
}

@manual{ap03,
title = {kruess, https://www.kruess.com/campus/refraktometrie/refraktometer-nahezu-alle-proben-sind-messbar/},
year = 2022,
organization = {A.KRÜSS Optronic GmbH},
link = {https://www.kruess.com/campus/refraktometrie/refraktometer-nahezu-alle-proben-sind-messbar/},
}

@manual{ap04,
title = {chemie.de, https://www.chemie.de/lexikon/Brechzahl.html},
year = 2022,
organization = {LUMITOS AG},
link = {https://www.chemie.de/lexikon/Brechzahl.html},
}