@manual{ap08,
  organization = {TU Dortmund, Fakult√§t Physik},
  title = {V353 - Relaxationsverfahren eines RC-Kreises},
  year = 2021
}
