@manual{ap06,
  organization = {TU Dortmund, Fakult√§t Physik},
  title = {US1 - Grundlagen der Ultraschalltechnik},
  year = 2022
}
@manual{ap07,
  organization = {auge-online.de},
  title = {Auge-online 2022. url: https://www.auge-online.de/wissenswertes/zahlenm
  (besucht am 15. 05. 2022).},
  year = 2022
}
