@manual{ap10,
  organization = {TU Dortmund, Fakult√§t Physik},
  title = {V500 - Photoeffekt},
  year = 2022
}
@manual{sp01,
  organization = {SciPy},
  title = {https://docs.scipy.org/doc/scipy/index.html Einsicht: 21.6.2022},
  year = 2022
}
@manual{elchar,
  organization = {NIST},
  title = {https://physics.nist.gov/cgi-bin/cuu/Value?e Einsicht: 27.6.2022},
  year = 2022
}
@manual{go03,
  organization = {NIST},
  title = {https://physics.nist.gov/cgi-bin/cuu/Value?h|search\_for=planck Einsicht: 21.6.2022},
  year = 2022
}
