@manual{ap01,
  organization = {TU Dortmund, Fakult√§t Physik},
  title = {V407 - Fresnelsche Formeln},
  year = 2022
}
@manual{ap02,
title = {filmetrics, https://www.filmetrics.com/refractive-index-database/Si/Silicon},
year = 2022,
organization = {filmetrics a KLA company},
link = {https://www.filmetrics.com/refractive-index-database/Si/Silicon},
}