@manual{ap08,
  organization = {TU Dortmund, Fakultät Physik},
  title = {V601 - Der Franck-Hertz-Versuch},
  year = 2022
}
@manual{ap09,
  organization = {Uni Göttingen},
  title = {https://lp.uni-goettingen.de/get/text/1612 Einsicht: 29.05.22},
  year = 2022
}
