@manual{ap03,
  organization = {TU Dortmund, Fakult채t Physik},
  title = {V01 Kosmische Myonen},
  year = 2023
}

@manual{ap01,
title = {https://schulentwicklung.nrw.de/materialdatenbank/nutzersicht/getFile.php?id=8037},
year = 2022,
organization = {Qualit채ts- und Unterst체tzungsAgentur - Landesinstitut f체r Schule (QUA-LiS NRW)},
link = {https://schulentwicklung.nrw.de/materialdatenbank/nutzersicht/getFile.php?id=8037},
}

@manual{myo12,
  author       = {Thomas Bergauer},
  title        = {Bestimmung der Lebensdauer kosmischer Myonen},
  year         = 2012
}

@booklet{pdg,
  author       = {P.A. Zyla et al. (Particle Data Group), Prog. Theor. Exp. Phys. 2020, 083C01 (2020)},
  title        = {The Review of Particle Physics}
}

@book{grup,
  author         = {C. Grupen},
  editor         = {},
  publisher      = {2. Aufl. Springer Spektrum},
  title          = {Einstieg in die Astroteilchenphysik},
  year           = {2018}
}

@book{kolawerm,
  author         = {H. Kolanoski und N. Wermes},
  editor         = {},
  publisher      = {1. Aufl. Springer Berlin Heidelberg},
  title          = {Teilchendetektoren},
  year           = {2016}
}

@manual{scipyop,
title = {https://docs.scipy.org/doc/scipy/index.html},
year = 2023,
organization = {The SciPy community.},
link = {https://docs.scipy.org/doc/scipy/index.html},
}

@manual{myoeifa,
  author       = {Esther Bartsch},
  title        = {Aufbau eines Versuchs zur Messung der Lebensdauer von Myonen},
  year         = {2012},
  link         = {https://www.uni-frankfurt.de/98129422/BA_Esther_Bartsch.pdf}
}