@manual{ap05,
title = {V101 Das Trägheitsmoment},
year = 2021,
organization = {Fakultät Physik, TU Dortmund},
}

