@manual{v64,
  organization = {TU Dortmund, Fakultät Physik},
  title = {V64 Interferometry},
  year = 2023
}

@manual{lololaw,
  author = {Thomas G. Mayerhöfer, Jürgen Popp},
  title = {Beyond Beer's Law: Revisiting the Lorentz-Lorenz Equation},
  year = 2020,
  link = {https://chemistry-europe.onlinelibrary.wiley.com/doi/pdf/10.1002/cphc.202000301},
}

