@manual{ap04,
  organization = {TU Dortmund, Fakultät Physik},
  title = {V703 - Absorption von γ- und β-Strahlung.},
  year = 2021
}
@manual{ap05,
  organization = {Wikipedia},
  title = {Wikipedia. Technetium. 2022. url: https://de.wikipedia.org/wiki/Technetium
  (besucht am 12. 05. 2022).},
  year = 2022
}
