@manual{ap02,
title = {V206 Die Wärmepumpe},
year = 2021,
organization = {Fakultät Physik, TU Dortmund},
}
