@manual{ap06,
title = {V203 Verdampfungswärme und Dampfdruckkurve},
year = 2021,
organization = {Fakultät Physik, TU Dortmund},
}

@manual{chemiede,
title = {Eigenschaften des Wassers, https://bit.ly/3zGHRxH},
year = 2021,
organization = {Chemie.de},
link = https://bit.ly/3zGHRxH,
}