% So sieht der Biblatex Eintag für eine Abschlussarbeit aus:
@thesis{ma-sebastian,
author = {Müller, Sebastian},
title = {Clear Sight in Cherenkov-Astronomy},
subtitle = {Investigations of Reflector Geometry and Mirror Alignment for the FACT-Telescope},
year = {2014},
type = {Masterarbeit},
school = {TU Dortmund}
}

% ein Lehrbuch:

@BOOK{handbook_adhesives,
  editor =       {Satas, D.},
  TITLE =        {Handbook of pressure sensitive adhesive technology},
  PUBLISHER =    {Van Nostrand Reinhold},
  YEAR =         {1989},
  address =      {New York},
  edition =      {2nd},
}


% Ein in einem Journal veröffentlichter Artikel (Paper):
@article{pdg,
      author         = "Beringer, J. and others",
      title          = "{Review of Particle Physics (RPP)}",
      collaboration  = "Particle Data Group",
      journal        = "Phys.Rev.",
      volume         = "D86",
      pages          = "010001",
      doi            = "10.1103/PhysRevD.86.010001",
      year           = "2012",
      SLACcitation   = "CITATION = PHRVA,D86,010001;",
}

@ARTICLE{einstein,
  author = {Einstein, A.},
  title = {A Generalization of the relativistic theory of Gravitation},
  journal = {Annals of Mathematics},
  year = {1945},
  volume = {46},
  pages = {578-584},
  number = {4}
}

% eine Internet Quelle
@MANUAL{siunitx,
    title   = {siunitx - A comprehensive (SI) units package},
    url = {http://mirror.selfnet.de/tex-archive/macros/latex/contrib/siunitx/siunitx.pdf},
    date = {2013},
    author = {Wright, Joseph}
}
@MANUAL{koma,
    title   = {KOMA -Script},
    subtitle = {ein wandelbares LaTeX-Paket},
    url = {http://mirror.selfnet.de/tex-archive/macros/latex/contrib/koma-script/doc/scrguide.pdf},
    date = {2013},
    author = {Kohm, Markus and Morawski, Jens-Uwe}
}
@MANUAL{biblatex,
    title   = {The Biblatex Package},
    subtitle = {Programmable Bibliographies and Citations},
    url = {ftp://ftp.fu-berlin.de/tex/CTAN/macros/latex/contrib/biblatex/doc/biblatex.pdf},
    date = {2014},
    author = {Lehman, Philipp and others}
}
@ELECTRONIC{make,
    title   = {Gnu-Make Homepage},
    url = {http://www.gnu.org/software/make/},
    date = {2014},
}
@ELECTRONIC{toolbox,
    title   = {Pep et al.\ Toolbox -- \LaTeX-Folien},
    url = {http://toolbox.pep-dortmund.org/files/archive/2014/latex.pdf},
    date = {2014},
}
@ELECTRONIC{gitbash,
    title   = {Git Bash - Download},
    url = {http://msysgit.github.io/},
    date = {2014},
}
@ELECTRONIC{pleser,
    title   = {Modern Packages for LaTeX},
    url = {http://philippleser.de/physics/latex},
    date = {2014},
    author = {Leser, Philipp}
}
@MANUAL{l2tabu,
    title   = {Das LATEX2ε-Sündenregister},
    author = {Ensenbach, Marc and Trettin, Mark},
    url = {ftp://ftp.mpi-sb.mpg.de/pub/tex/mirror/ftp.dante.de/pub/tex/info/l2tabu/german/l2tabu.pdf},
    date = {2011},
}
@ELECTRONIC{texmaker,
    title   = {Texmaker},
    subtitle =  {The universal LaTeX editor, Downloads},
    url = {http://www.xm1math.net/texmaker/download.html},
    date = {2014},
}


% meine References

@book{schmüser,
    author = {Peter Schmüser},
    title = {Feynman-Graphen und Eichtheorien fur Experimentalphysiker},
    year = {1995},
    publisher = {Springer-Verlag Berlin Heidelberg New York},
    series = {2. Auflage}
}

@book{kleingrot,
    author = {Hans Volker Klapdor-Kleingrothaus und Andreas Staudt},
    title = {Teilchenphysik ohne Beschleuniger},
    year = {1995},
    publisher = {B. G. Teubner Stuttgart},
    series = {1. Auflage}
}

@book{oberauer,
    author = {Lothar Oberauer, Judith Oberauer},
    title = {Neutrinophysik},
    year = {2019},
    publisher = {Springer Spektrum},
    series = {1. Auflage}
}

@article{päspaper,
      author         = "R. Tomas, H. Päs and J. W. F. Valle",
      title          = "{Generalized bounds on Majoron-neutrino couplings}",
      journal        = "Phys.Rev.",
      volume         = "D64",
      pages          = "095005",
      doi            = "10.1103/PhysRevD.64.095005",
      year           = "2001",
}

@book{zuber,
    author = {Kai Zuber},
    title = {Neutrino Physics},
    year = {2020},
    publisher = {CRC Press},
    series = {3rd Edition}
}

@book{grupen,
  author         = {C. Grupen},
  editor         = {},
  publisher      = {2. Aufl. Springer Spektrum},
  title          = {Einstieg in die Astroteilchenphysik},
  year           = {2018}
}

@article{komponentendinger,
      author         = "C. Giunti, C. W. Kim, and U. W. Lee",
      title          = "{Majoron decay of neutrinos in matter}",
      journal        = "Phys.Rev.",
      volume         = "D45",
      pages          = "1557",
      doi            = "10.1103/PhysRevD.45.1557",
      year           = "1992",
}

@article{PhysRevD.37.1935,
  title = {Derivation of the formalism for neutrino matter oscillations from the neutrino relativistic field equations},
  author = {Mannheim, Philip D.},
  journal = {Phys. Rev. D},
  volume = {37},
  issue = {7},
  pages = {1935--1941},
  numpages = {0},
  year = {1988},
  month = {Apr},
  publisher = {American Physical Society},
  doi = {10.1103/PhysRevD.37.1935},
  url = {https://link.aps.org/doi/10.1103/PhysRevD.37.1935}
}


@article{theta13,
      author         = "K. Abe and others",
      title          = "{Indication of Electron Neutrino Appearance from an Accelerator-produced Off-axis Muon Neutrino Beam}",
      collaboration  = "T2K Collaboration",
      link           = {https://arxiv.org/pdf/1106.2822.pdf},
}

@MANUAL{neutrinospdg,
    title   = {Summary Tables},
    subtitle = {Leptons (e, mu, tau, ... neutrinos ...)},
    url = {https://pdg.lbl.gov/2023/tables/contents_tables.html},
    date = {2023},
    author = {R.L. Workman et al.},
    collaboration = {PDG},
}

@article{supernovaepaper,
      author         = "Anthony Mezzacappa, O.E.B. Messer",
      title          = "{Neutrino tansport in core collapse supernovae}",
      journal        = "Journal of Computational and Applied Mathematics",
      volume         = "109",
      pages          = "281-319",
      year           = "1999",
}

@article{supernovaboundsdasandere,
      author         = "M. Kachelrieß, R. Tomàs and J.W.F. Valle",
      title          = "{Supernova Bounds on Majoron-emitting decays of light neutrinos}",
      journal        = "Phys.Rev.",
      volume         = "D62",
      pages          = "023004",
      doi            = "10.1103/PhysRevD.62.023004",
      year           = "2000",
}

@article{ueberlebenswkeit,
  title = {Neutrino oscillations and the supernova 1987A signal},
  author = {Jegerlehner, Beat and Neubig, Frank and Raffelt, Georg},
  journal = {Phys. Rev. D},
  volume = {54},
  issue = {1},
  pages = {1194--1203},
  numpages = {0},
  year = {1996},
  month = {July},
  publisher = {American Physical Society},
  doi = {10.1103/PhysRevD.54.1194},
  url = {https://link.aps.org/doi/10.1103/PhysRevD.54.1194}
}

@article{KATRINneutrinogrenze,
      collaboration  = "The KATRIN Collaboration",
      title          = "{Direct neutrino-mass measurement with sub-electronvolt sensitivity}",
      journal        = "Nat. Phys.",
      volume         = "18",
      pages          = "160-166",
      doi            = "10.1038/s41567-021-01463-1",
      year           = "2022",
}

@ELECTRONIC{elektronenspektrum,
    title   = {Neutrino-Massenmessung mit Tritium},
    subtitle =  {...eine modellunabhängige Methode},
    url = {https://www.katrin.kit.edu/deutsch/873.php Zuletzt besucht am: 25.06.2023},
    date = {2023},
}

@thesis{hauhau,
author = {Hau Zhang},
title = {Grenzen auf Majoron-Neutrino-Kopplungen aus neutrinolosen Doppelbetazerfall in verschiedenen Basen},
year = {2023},
type = {Bachelorarbeit},
school = {TU Dortmund}
}

%@incollection{unnötig,
%	doi = {10.1007/978-3-540-73518-2_3},
%	url = {https://doi.org/10.1007%2F978-3-540-73518-2_3},
%	publisher = {Springer Berlin Heidelberg},
%	pages = {51--71},
%	author = {Georg G. Raffelt},
%	title = {Astrophysical Axion Bounds},
%	booktitle = {Lecture Notes in Physics}
%}

@article{neutrinolumi,
	doi = {10.1103/physrevd.105.035022},
	url = {https://doi.org/10.1103%2Fphysrevd.105.035022},
	year = 2022,
	month = {feb},
	publisher = {American Physical Society ({APS})},
	volume = {105},
	number = {3},
	author = {Andrea Caputo and Georg Raffelt and Edoardo Vitagliano},
	title = {Muonic boson limits: Supernova redux},
	journal = {Physical Review D}
}


@article{neutrinorotmat,
	doi = {10.1016/j.physrep.2007.12.004},
	url = {https://doi.org/10.1016%2Fj.physrep.2007.12.004},
	year = 2008,
	month = {apr},
	publisher = {Elsevier {BV}},
	volume = {460},
	number = {1-3},
	pages = {1--129},
	author = {M.C. Gonzalez-Garcia and Michele Maltoni},
	title = {Phenomenology with massive neutrinos},
	journal = {Physics Reports}
}

@misc{newlimit,
      title={Strong Supernova 1987A Constraints on Bosons Decaying to Neutrinos}, 
      author={Damiano F. G. Fiorillo and Georg G. Raffelt and Edoardo Vitagliano},
      year={2023},
      eprint={2209.11773},
      archivePrefix={arXiv},
      primaryClass={hep-ph}
}
