@manual{ap04,
  organization = {TU Dortmund, Fakultät Physik},
  title = {V703 - Absorption von γ- und β-Strahlung.},
  year = 2021
}
