@manual{ap08,
  organization = {TU Dortmund, Fakult√§t Physik},
  title = {V601 - Der Franck-Hertz-Versuch},
  year = 2022
}
