@manual{ap06,
title = {V203 Verdampfungswärme und Dampfdruckkurve},
year = 2021,
organization = {Fakultät Physik, TU Dortmund},
}

