@manual{ap04,
title = {V355 Gekoppelte Schwingungen},
year = 2021,
organization = {Fakult√§t Physik, TU Dortmund},
}
