@misc{ wiki:xxx,
author = "PhysKi",
title = "Trigonometrie --- PhysKi{,} ",
year = "2020",
url = "https://www2.physki.de/PhysKi/index.php?title=Trigonometrie&oldid=9625",
note = "[Online; abgerufen am 13. November 2021]"
}

@manual{ap01,
title = {V106 Gekoppelte Pendel},
year = 2021,
organization = {Fakult√§t Physik, TU Dortmund},
}
