@manual{ap03,
  organization = {TU Dortmund, Fakultät Physik},
  title = {V703 - Das Geiger-Müller-Zählrohr},
  year = 2021
}

@manual{ap01,
title = {https://schulentwicklung.nrw.de/materialdatenbank/nutzersicht/getFile.php?id=8037},
year = 2022,
organization = {Qualitäts- und UnterstützungsAgentur - Landesinstitut für Schule (QUA-LiS NRW)},
link = {https://schulentwicklung.nrw.de/materialdatenbank/nutzersicht/getFile.php?id=8037},
}