@manual{ap03,
  organization = {TU Dortmund, Fakultät Physik},
  title = {V703 - Das Geiger-Müller-Zählrohr},
  year = 2021
}
