@manual{ap11,
  organization = {TU Dortmund, Fakult√§t Physik},
  title = {V401 - Michelson-Interferometer},
  year = 2022
}

@online{spekrumbrechluft,
url = {https://www.spektrumverlag.de/impressum/},
urldate = {2022-06-15},
title = {Brechzahl},
year = {2022},
}
