@manual{doppbre,
  organization = {TU Dortmund, Fakultät Physik},
  title = {V46 - Faraday-Effekt an Halbleitern},
  subtitle = {Berechnung des Rotationswinkels θ der Polarisationsebene beim 
Faraday-Effekt},
  year = 2023
}

@manual{v46,
  organization = {TU Dortmund, Fakultät Physik},
  title = {V46 - Faraday-Effekt an Halbleitern},
  year = 2019
}

@book{GrossMarx+2018,
url = {https://doi.org/10.1515/9783110559187},
title = {Festkörperphysik},
author = {Rudolf Gross and Achim Marx},
publisher = {De Gruyter},
address = {Berlin, Boston},
doi = {doi:10.1515/9783110559187},
isbn = {9783110559187},
year = {2018},
lastchecked = {2023-11-09}
}