@manual{ap03,
title = {V308 Spulen und Magnetfelder},
year = 2021,
organization = {Fakult√§t Physik, TU Dortmund},
}