@manual{ap05,
  organization = {TU Dortmund, Fakult√§t Physik},
  title = {US3 - Dopplersonographie},
  year = 2022
}
