@manual{ap02,
  organization = {TU Dortmund, Fakult√§t Physik},
  title = {V400 - Reflexion, Beugung und Brechung},
  year = 2022
}
