@manual{ap12,
  organization = {TU Dortmund, Fakultät Physik},
  title = {V503 - Der Millikan-Öltröpfchenversuch},
  year = 2022
}
@manual{go02,
  organization = {NIST},
  title = {https://physics.nist.gov/cgi-bin/cuu/Value?f|search\_for=faraday Einsicht: 26.6.2022},
  year = 2022
}

@manual{elchar,
  organization = {NIST},
  title = {https://physics.nist.gov/cgi-bin/cuu/Value?e Einsicht: 27.6.2022},
  year = 2022
}

@manual{na,
  organization = {NIST},
  title = {https://physics.nist.gov/cgi-bin/cuu/Value?na Einsicht: 27.6.2022},
  year = 2022
}
