@manual{ap07,
  organization = {TU Dortmund, Fakultät Physik},
  title = {V302 - Elektrische Brückenschaltungen},
  year = 2021
}
