@manual{v61,
  organization = {TU Dortmund, Fakultät Physik},
  title = {V61 Der HeNe-Laser},
  year = 2023
}

@book{dem01,
  author         = {Wolfgang Demtröder},
  editor         = {},
  publisher      = {Springer-Verlag Berlin Heidelberg},
  title          = {Laserspektroskopie 1 Grundlagen},
  year           = {2011}
}

@book{eicheich,
  author         = {Hans Joachim Eichler & Jürgen Eichler},
  editor         = {},
  publisher      = {Springer-Verlag Berlin Heidelberg},
  title          = {Laser (Bauformen, Strahlführung, Anwendungen)},
  year           = {2015}
}

@book{salteich,
  author         = {B.E.A. Saleh and M.C. Teich},
  editor         = {},
  publisher      = {Wiley-VCH},
  title          = {Grundlagen der Photonik, 2 Ausgabe},
  year           = {2008}
}

@manual{leifi,
  author       = {LEIFI Physik},
  title        = {Versuche: Helium-Neon-Laser},
  link         = { https://www.leifiphysik.de/atomphysik/laser/versuche/helium-neon-laser (besucht am 10.05.2023)}

}
@manual{unp,
  author       = {Eric O. LEBIGOT},
  title        = {Uncertainties: a Python package for calculations with uncertainties},
  link         = {http://pythonhosted.org/uncertainties/}
}

@ARTICLE{2020SciPy-NMeth,
  author  = {Virtanen, Pauli and Gommers, Ralf and Oliphant, Travis E. and
            Haberland, Matt and Reddy, Tyler and Cournapeau, David and
            Burovski, Evgeni and Peterson, Pearu and Weckesser, Warren and
            Bright, Jonathan and {van der Walt}, St{\'e}fan J. and
            Brett, Matthew and Wilson, Joshua and Millman, K. Jarrod and
            Mayorov, Nikolay and Nelson, Andrew R. J. and Jones, Eric and
            Kern, Robert and Larson, Eric and Carey, C J and
            Polat, {\.I}lhan and Feng, Yu and Moore, Eric W. and
            {VanderPlas}, Jake and Laxalde, Denis and Perktold, Josef and
            Cimrman, Robert and Henriksen, Ian and Quintero, E. A. and
            Harris, Charles R. and Archibald, Anne M. and
            Ribeiro, Ant{\^o}nio H. and Pedregosa, Fabian and
            {van Mulbregt}, Paul and {SciPy 1.0 Contributors}},
  title   = {{{SciPy} 1.0: Fundamental Algorithms for Scientific
            Computing in Python}},
  journal = {Nature Methods},
  year    = {2020},
  volume  = {17},
  pages   = {261--272},
  adsurl  = {https://rdcu.be/b08Wh},
  doi     = {10.1038/s41592-019-0686-2},
}

@Article{Hunter:2007,
  Author    = {Hunter, J. D.},
  Title     = {Matplotlib: A 2D graphics environment},
  Journal   = {Computing in Science \& Engineering},
  Volume    = {9},
  Number    = {3},
  Pages     = {90--95},
  abstract  = {Matplotlib is a 2D graphics package used for Python for
  application development, interactive scripting, and publication-quality
  image generation across user interfaces and operating systems.},
  publisher = {IEEE COMPUTER SOC},
  doi       = {10.1109/MCSE.2007.55},
  year      = 2007
}
@manual{py,
  author       = {Python Software Foundation},
  title        = {Python Version 3.8.8},
  link         = {https://www.python.org/}
}

@manual{wikilongmode,
  author       = {Dr. Wolfgang Geithner. Wolfgang.geithner at de.wikipedia},
  title        = {Schematische Darstellung von longitudinalen Lasermoden},
  link         = {https://commons.wikimedia.org/wiki/File:LaserModes.jpg?uselang=de#/media/File:LaserModes.jpg besucht am 14.05.2023 }
}

@manual{transmode,
  author       = {FRIEDRICH-ALEXANDER-UNIVERSITÄT ERLANGEN-NÜRNBERG TECHNISCHE FAKULTÄT • DEPARTMENT INFORMATIK Armin Bundle},
  title        = {Die Veränderung der Strahlqualität mit Hilfe von Laserverstärkung},
  link         = {https://www10.cs.fau.de/publications/theses/2015/Bundle_BT_2015.pdf besucht am 14.05.2023}
}