@manual{ap07,
  organization = {TU Dortmund, Fakultät Physik},
  title = {V606 - Messung der Suszeptibilität paramagnetischer Stoff},
  year = 2022
}
