@manual{ap09,
  organization = {TU Dortmund, Fakult√§t Physik},
  title = {V504 - Thermische Elektronenemission},
  year = 2022
}
