@book{laser,
  author    = {Hans Joachim Eichler and Jürgen Eichler and Oliver Lux},
  publisher = {Springer Cham},
  title     = {Lasers},
  subtitle  = {Basics, Advances and Applications},
  year      = {2018},
  DOI       = {https://doi.org/10.1007/978-3-319-99895-4}
}

@manual{v60,
  organization = {TU Dortmund, Fakultät Physik},
  title        = {V60 - Diode Laser Spectroscopy},
  year         = 2023
}

@manual{teachspin,
  author       = {K. Libbrecht},
  title        = {Diode Laser spectroscopy},
  subtitle     = {Teachspin}
}
