@book{gamma,
publisher = {John Wiley, Ltd},
isbn = {9780470861981},
title = {Practical Gamma‐Ray Spectrometry},
doi = {10.1002/9780470861981},
url = {https://onlinelibrary.wiley.com/doi/book/10.1002/9780470861981},
year = {2008},
}

@book{xraytube,
publisher = {Springer Spektrum Berlin, Heidelberg},
isbn = {978-3-662-66746-0},
title = {Strahlungsquellen für Physik, Technik und Medizin},
doi = {https://doi.org/10.1007/978-3-662-66746-0},
url = {https://onlinelibrary.wiley.com/doi/book/10.1002/9780470861981},
year = {2023},
}

@book{tolan,
publisher = {Springer Berlin, Heidelberg},
author = {M. Tolan},
title = {X-Ray Scattering from Soft-Matter Thin Films},
doi = {https://doi.org/10.1007/BFb0112834},
year = {1999},
}

@manual{v44,
  organization = {TU Dortmund, Fakultät Physik},
  title = {V44 X-ray reflectrometry},
  year = 2023
}