@article{unitarity,
  title = {Derivation of gauge invariance from high-energy unitarity bounds on the $S$ matrix},
  author = {Cornwall, John M. and Levin, David N. and Tiktopoulos, George},
  journal = {Phys. Rev. D},
  volume = {10},
  issue = {4},
  pages = {1145--1167},
  numpages = {0},
  year = {1974},
  month = {08},
  publisher = {American Physical Society},
  doi = {10.1103/PhysRevD.10.1145},
  url = {https://link.aps.org/doi/10.1103/PhysRevD.10.1145}
}

@article{penguin,
    author = "Brod, Joachim and Gorbahn, Martin",
    title = "{The $Z$ Penguin in Generic Extensions of the Standard Model}",
    eprint = "1903.05116",
    archivePrefix = "arXiv",
    primaryClass = "hep-ph",
    doi = "10.1007/JHEP09(2019)027",
    journal = "JHEP",
    volume = "09",
    pages = "027",
    year = "2019"
}
